<collection xmlns="http://www.loc.gov/MARC21/slim">
<record>
  <leader>01216nam0a22002651i 450 </leader>
  <controlfield tag="001">IT\ICCU\CNCE\051008</controlfield>
  <controlfield tag="005">20160120000000.0</controlfield>
  <datafield tag="100" ind1=" " ind2=" ">
    <subfield code="a">20000906d1556        0itac0103    ba</subfield>
  </datafield>
  <datafield tag="101" ind1=" " ind2=" ">
    <subfield code="a">ITA</subfield>
  </datafield>
  <datafield tag="102" ind1=" " ind2=" ">
    <subfield code="a">IT</subfield>
  </datafield>
  <datafield tag="200" ind1="1" ind2=" ">
    <subfield code="a">℗La ℗espositione di m. Antonio Posseuini mantuano de i versi co quali Orbecche tragedia del s. Giraldi parla a chi legge</subfield>
  </datafield>
  <datafield tag="210" ind1=" " ind2=" ">
    <subfield code="e">Di Roma</subfield>
    <subfield code="h">1556</subfield>
  </datafield>
  <datafield tag="215" ind1=" " ind2=" ">
    <subfield code="a">\4!, 90, \4! c.</subfield>
    <subfield code="d">8ʻ</subfield>
  </datafield>
  <datafield tag="300" ind1=" " ind2=" ">
    <subfield code="a">Altro colophon a c. S4r</subfield>
  </datafield>
  <datafield tag="620" ind1=" " ind2=" ">
    <subfield code="a">IT</subfield>
    <subfield code="d">Roma</subfield>
  </datafield>
  <datafield tag="700" ind1=" " ind2="1">
    <subfield code="a">Giraldi,</subfield>
    <subfield code="b">Giovanni Battista</subfield>
    <subfield code="3">IT\ICCU\CNCA\006132</subfield>
  </datafield>
  <datafield tag="702" ind1=" " ind2="1">
    <subfield code="a">Possevino,</subfield>
    <subfield code="b">Antonio</subfield>
    <subfield code="c"> &lt;1533-1611&gt;</subfield>
    <subfield code="3">IT\ICCU\CNCA\006763</subfield>
  </datafield>
  <datafield tag="712" ind1="0" ind2="2">
    <subfield code="a">s.n.</subfield>
    <subfield code="3">IT\ICCU\CNCT\000002</subfield>
    <subfield code="4">650</subfield>
  </datafield>
  <datafield tag="790" ind1=" " ind2="1">
    <subfield code="a">Giraldi Cinthio,</subfield>
    <subfield code="b">Giovan Battista</subfield>
    <subfield code="3">IT\ICCU\CNCA\014196</subfield>
    <subfield code="z">Giraldi, Giovanni Battista</subfield>
  </datafield>
  <datafield tag="790" ind1=" " ind2="1">
    <subfield code="a">Filoteo,</subfield>
    <subfield code="b">Giovanni : da#Asti</subfield>
    <subfield code="3">IT\ICCU\CNCA\014939</subfield>
    <subfield code="z">Possevino, Antonio &lt;1533-1611&gt;</subfield>
  </datafield>
  <datafield tag="790" ind1=" " ind2="1">
    <subfield code="a">Anafesto,</subfield>
    <subfield code="b">Paolo</subfield>
    <subfield code="3">IT\ICCU\CNCA\018667</subfield>
    <subfield code="z">Possevino, Antonio &lt;1533-1611&gt;</subfield>
  </datafield>
  <datafield tag="790" ind1=" " ind2="1">
    <subfield code="a">Possevinus,</subfield>
    <subfield code="b">Antonius</subfield>
    <subfield code="c"> &lt;1533-1611&gt;</subfield>
    <subfield code="3">IT\ICCU\CNCA\018668</subfield>
    <subfield code="z">Possevino, Antonio &lt;1533-1611&gt;</subfield>
  </datafield>
  <datafield tag="801" ind1=" " ind2="3">
    <subfield code="a">IT</subfield>
    <subfield code="b">ICCU</subfield>
    <subfield code="c">20201115</subfield>
  </datafield>
  <datafield tag="899" ind1=" " ind2=" ">
    <subfield code="a">Biblioteca comunale Ariostea. Ferrara</subfield>
    <subfield code="z">MUTILO</subfield>
    <subfield code="1">FE0017</subfield>
    <subfield code="2">UFE AR</subfield>
  </datafield>
  <datafield tag="899" ind1=" " ind2=" ">
    <subfield code="a">Biblioteca comunale degli Intronati. Siena</subfield>
    <subfield code="z">MUTILO</subfield>
    <subfield code="1">SI0046</subfield>
    <subfield code="2">RT1 QI</subfield>
  </datafield>
</record>
</collection>
